<?xml version="1.0" encoding="UTF-8"?>
<collection
  xmlns:xsi="http://www.w3.org/2001/XMLSchema-instance"
  xsi:schemaLocation="http://www.loc.gov/MARC21/slim http://www.loc.gov/standards/marcxml/schema/MARC21slim.xsd"
  xmlns="http://www.loc.gov/MARC21/slim">
<record>
  <leader>00933nem  2200253 a 4500</leader>
  <controlfield tag="007">au uuu</controlfield>
  <controlfield tag="008">040210s               ## u     |        </controlfield>
  <datafield tag="040" ind1=" " ind2=" ">
    <subfield code="a"></subfield>
    <subfield code="c"></subfield>
  </datafield>
  <datafield tag="245" ind1="0" ind2="0">
    <subfield code="a"></subfield>
    <subfield code="h">[cartographic material] /</subfield>
    <subfield code="c"></subfield>
  </datafield>
  <datafield tag="255" ind1=" " ind2=" ">
    <subfield code="a">Scale ...</subfield>
  </datafield>
  <datafield tag="260" ind1=" " ind2=" ">
    <subfield code="a"></subfield>
    <subfield code="b"></subfield>
    <subfield code="c"></subfield>
  </datafield>
  <datafield tag="300" ind1=" " ind2=" ">
    <subfield code="a">1 map ;</subfield>
    <subfield code="c"></subfield>
  </datafield>
  <datafield tag="082" ind1=" " ind2=" ">
    <subfield code="a"></subfield>
  </datafield>
  <datafield tag="650" ind1=" " ind2=" ">
    <subfield code="a"></subfield>
  </datafield>
</record>
</collection>